@inproceedings{yusuf2020mixed,
  title={Mixed-Model Assembly Line Balancing in The Process of Assembling Trimming Area to Minimize Workstation Using RPW-MVM Method},
  author={Yusuf, Muhamad Ali and Damayanti, Dida Diah and Astuti, Murni Dwi},
  booktitle={SHS Web of Conferences},
  volume={86},
  pages={01028},
  year={2020},
  organization={EDP Sciences}
}
@article{rane-2017,
	author = {Rane, Arun Bhiva and Sunnapwar, Vivek K. and Khot, S.M.},
	journal = {International Journal of Simulation and Process Modelling},
	month = {1},
	number = {2},
	pages = {111},
	title = {{Cost models for improved vehicle assembly line performance}},
	volume = {12},
	year = {2017},
	doi = {10.1504/ijspm.2017.083527},
	url = {https://doi.org/10.1504/ijspm.2017.083527},
}
@book{friedli2010pathway,
  title={The pathway to operational excellence in the pharmaceutical industry: overcoming the internal inertia},
  author={Friedli, Thomas and Basu, Prabir K and Gronauer, Thomas and Werani, J{\"u}rgen},
  year={2010},
  publisher={ECV, Editio-Cantor-Verlag}
} 